<?xml version="1.0" encoding="UTF-8"?><record xmlns="http://www.loc.gov/MARC21/slim" xmlns:cinclude="http://apache.org/cocoon/include/1.0" xmlns:zs="http://www.loc.gov/zing/srw/">
  <leader>00487nz  a2200157n  4500</leader>
  <controlfield tag="001">no2014092883</controlfield>
  <controlfield tag="003">DLC</controlfield>
  <controlfield tag="005">20140715073530.0</controlfield>
  <controlfield tag="008">140714n| azannaabn          |a aaa     c</controlfield>
  <datafield tag="010" ind1=" " ind2=" ">
    <subfield code="a">no2014092883</subfield>
  </datafield>
  <datafield tag="035" ind1=" " ind2=" ">
    <subfield code="a">(OCoLC)oca09907086</subfield>
  </datafield>
  <datafield tag="040" ind1=" " ind2=" ">
    <subfield code="a">NNC</subfield>
    <subfield code="b">eng</subfield>
    <subfield code="e">rda</subfield>
    <subfield code="c">NNC</subfield>
  </datafield>
  <datafield tag="046" ind1=" " ind2=" ">
    <subfield code="k">2013</subfield>
  </datafield>
  <datafield tag="100" ind1="1" ind2=" ">
    <subfield code="a">Leonov, Leonid,</subfield>
    <subfield code="d">1899-1994.</subfield>
    <subfield code="t">Works.</subfield>
    <subfield code="f">2013</subfield>
  </datafield>
  <datafield tag="400" ind1="1" ind2=" ">
    <subfield code="a">Leonov, Leonid,</subfield>
    <subfield code="d">1899-1994.</subfield>
    <subfield code="t">Sobranie sochineniiĚ v shesti tomakh</subfield>
  </datafield>
  <datafield tag="670" ind1=" " ind2=" ">
    <subfield code="a">Leonov, Leonid. Sobranie sochineniiĚ v shesti tomakh, 2013.</subfield>
  </datafield>
</record>